%YAML 1.1
%TAG !u! tag:unity3d.com,2011:
--- !u!114 &-4183227596030925052
MonoBehaviour:
  m_ObjectHideFlags: 0
  m_CorrespondingSourceObject: {fileID: 0}
  m_PrefabInstance: {fileID: 0}
  m_PrefabAsset: {fileID: 0}
  m_GameObject: {fileID: 0}
  m_Enabled: 1
  m_EditorHideFlags: 0
  m_Script: {fileID: 11500000, guid: c61595f064cf7954db7808d937fdc825, type: 3}
  m_Name: Test
  m_EditorClassIdentifier: 
  graph: {fileID: 11400000}
  position: {x: -680, y: -88}
  ports:
    keys:
    - inputEmpty
    - outputEmpty
    values:
    - _fieldName: inputEmpty
      _node: {fileID: -4183227596030925052}
      _typeQualifiedName: VirtualTraining.Core.Empty, Core, Version=0.0.0.0, Culture=neutral,
        PublicKeyToken=null
      connections: []
      _direction: 0
      _connectionType: 0
      _typeConstraint: 0
      _dynamic: 0
    - _fieldName: outputEmpty
      _node: {fileID: -4183227596030925052}
      _typeQualifiedName: VirtualTraining.Core.Empty, Core, Version=0.0.0.0, Culture=neutral,
        PublicKeyToken=null
      connections:
      - fieldName: inputEmpty
        node: {fileID: 9158249065337314143}
        reroutePoints: []
      - fieldName: inputEmpty
        node: {fileID: -2813623399575073221}
        reroutePoints: []
      _direction: 1
      _connectionType: 0
      _typeConstraint: 0
      _dynamic: 0
  content:
    troubleshootdata:
      title: New Troubleshoot Node
      figure:
        name: new figure
        cameraDestination:
          position: {x: 0, y: 0, z: 0}
          rotation: {x: 0, y: 0, z: 0, w: 0}
          isOrthographic: 0
          orthographicSize: 5
          fov: 50
          target:
            _id: 0
        cutaway:
          state: 0
          position: {x: 0, y: 0, z: 0}
          rotation: {x: 0, y: 0, z: 0}
          scale: {x: 1, y: 1, z: 1}
        monitorCameras: []
        partObjects: []
        callouts: []
        helpers: []
      schematics: []
--- !u!114 &-2813623399575073221
MonoBehaviour:
  m_ObjectHideFlags: 0
  m_CorrespondingSourceObject: {fileID: 0}
  m_PrefabInstance: {fileID: 0}
  m_PrefabAsset: {fileID: 0}
  m_GameObject: {fileID: 0}
  m_Enabled: 1
  m_EditorHideFlags: 0
  m_Script: {fileID: 11500000, guid: c61595f064cf7954db7808d937fdc825, type: 3}
  m_Name: New Troubleshoot Node
  m_EditorClassIdentifier: 
  graph: {fileID: 11400000}
  position: {x: -208, y: 78.5}
  ports:
    keys:
    - inputEmpty
    - outputEmpty
    values:
    - _fieldName: inputEmpty
      _node: {fileID: -2813623399575073221}
      _typeQualifiedName: VirtualTraining.Core.Empty, Core, Version=0.0.0.0, Culture=neutral,
        PublicKeyToken=null
      connections:
      - fieldName: outputEmpty
        node: {fileID: -4183227596030925052}
        reroutePoints: []
      _direction: 0
      _connectionType: 0
      _typeConstraint: 0
      _dynamic: 0
    - _fieldName: outputEmpty
      _node: {fileID: -2813623399575073221}
      _typeQualifiedName: VirtualTraining.Core.Empty, Core, Version=0.0.0.0, Culture=neutral,
        PublicKeyToken=null
      connections: []
      _direction: 1
      _connectionType: 0
      _typeConstraint: 0
      _dynamic: 0
  content:
    troubleshootdata:
      title: New Troubleshoot Node
      figure:
        name: new figure
        cameraDestination:
          position: {x: 0, y: 0, z: 0}
          rotation: {x: 0, y: 0, z: 0, w: 0}
          isOrthographic: 0
          orthographicSize: 5
          fov: 50
          target:
            _id: 0
        cutaway:
          state: 0
          position: {x: 0, y: 0, z: 0}
          rotation: {x: 0, y: 0, z: 0}
          scale: {x: 1, y: 1, z: 1}
        monitorCameras: []
        partObjects: []
        callouts: []
        helpers: []
      schematics: []
--- !u!114 &11400000
MonoBehaviour:
  m_ObjectHideFlags: 0
  m_CorrespondingSourceObject: {fileID: 0}
  m_PrefabInstance: {fileID: 0}
  m_PrefabAsset: {fileID: 0}
  m_GameObject: {fileID: 0}
  m_Enabled: 1
  m_EditorHideFlags: 0
  m_Script: {fileID: 11500000, guid: f0a3232afa7d86649b3ae08f4b7a4e09, type: 3}
  m_Name: TroubleshootGraphTemp
  m_EditorClassIdentifier: 
  nodes:
  - {fileID: -4183227596030925052}
  - {fileID: 9158249065337314143}
  - {fileID: 2600944138650438330}
  - {fileID: -2813623399575073221}
  - {fileID: 0}
--- !u!114 &2600944138650438330
MonoBehaviour:
  m_ObjectHideFlags: 0
  m_CorrespondingSourceObject: {fileID: 0}
  m_PrefabInstance: {fileID: 0}
  m_PrefabAsset: {fileID: 0}
  m_GameObject: {fileID: 0}
  m_Enabled: 1
  m_EditorHideFlags: 0
  m_Script: {fileID: 11500000, guid: c61595f064cf7954db7808d937fdc825, type: 3}
  m_Name: New Troubleshoot Node
  m_EditorClassIdentifier: 
  graph: {fileID: 11400000}
  position: {x: -129, y: -146.5}
  ports:
    keys:
    - inputEmpty
    - outputEmpty
    values:
    - _fieldName: inputEmpty
      _node: {fileID: 2600944138650438330}
      _typeQualifiedName: VirtualTraining.Core.Empty, Core, Version=0.0.0.0, Culture=neutral,
        PublicKeyToken=null
      connections:
      - fieldName: outputEmpty
        node: {fileID: 9158249065337314143}
        reroutePoints: []
      _direction: 0
      _connectionType: 0
      _typeConstraint: 0
      _dynamic: 0
    - _fieldName: outputEmpty
      _node: {fileID: 2600944138650438330}
      _typeQualifiedName: VirtualTraining.Core.Empty, Core, Version=0.0.0.0, Culture=neutral,
        PublicKeyToken=null
      connections: []
      _direction: 1
      _connectionType: 0
      _typeConstraint: 0
      _dynamic: 0
  content:
    troubleshootdata:
      title: New Troubleshoot Node
      figure:
        name: new figure
        cameraDestination:
          position: {x: 0, y: 0, z: 0}
          rotation: {x: 0, y: 0, z: 0, w: 0}
          isOrthographic: 0
          orthographicSize: 5
          fov: 50
          target:
            _id: 0
        cutaway:
          state: 0
          position: {x: 0, y: 0, z: 0}
          rotation: {x: 0, y: 0, z: 0}
          scale: {x: 1, y: 1, z: 1}
        monitorCameras: []
        partObjects: []
        callouts: []
        helpers: []
      schematics: []
--- !u!114 &9158249065337314143
MonoBehaviour:
  m_ObjectHideFlags: 0
  m_CorrespondingSourceObject: {fileID: 0}
  m_PrefabInstance: {fileID: 0}
  m_PrefabAsset: {fileID: 0}
  m_GameObject: {fileID: 0}
  m_Enabled: 1
  m_EditorHideFlags: 0
  m_Script: {fileID: 11500000, guid: c61595f064cf7954db7808d937fdc825, type: 3}
  m_Name: New Troubleshoot Node
  m_EditorClassIdentifier: 
  graph: {fileID: 11400000}
  position: {x: -420, y: -191.5}
  ports:
    keys:
    - inputEmpty
    - outputEmpty
    values:
    - _fieldName: inputEmpty
      _node: {fileID: 9158249065337314143}
      _typeQualifiedName: VirtualTraining.Core.Empty, Core, Version=0.0.0.0, Culture=neutral,
        PublicKeyToken=null
      connections:
      - fieldName: outputEmpty
        node: {fileID: -4183227596030925052}
        reroutePoints: []
      _direction: 0
      _connectionType: 0
      _typeConstraint: 0
      _dynamic: 0
    - _fieldName: outputEmpty
      _node: {fileID: 9158249065337314143}
      _typeQualifiedName: VirtualTraining.Core.Empty, Core, Version=0.0.0.0, Culture=neutral,
        PublicKeyToken=null
      connections:
      - fieldName: inputEmpty
        node: {fileID: 2600944138650438330}
        reroutePoints: []
      _direction: 1
      _connectionType: 0
      _typeConstraint: 0
      _dynamic: 0
  content:
    troubleshootdata:
      title: New Troubleshoot Node
      figure:
        name: new figure
        cameraDestination:
          position: {x: 0, y: 0, z: 0}
          rotation: {x: 0, y: 0, z: 0, w: 0}
          isOrthographic: 0
          orthographicSize: 5
          fov: 50
          target:
            _id: 0
        cutaway:
          state: 0
          position: {x: 0, y: 0, z: 0}
          rotation: {x: 0, y: 0, z: 0}
          scale: {x: 1, y: 1, z: 1}
        monitorCameras: []
        partObjects: []
        callouts: []
        helpers: []
      schematics: []
